



@book{Introduction,
  title={Computational Intelligence : An Introduction.},
  author={Andries P. Engelbrecht},
  year={1992},
  publisher={John Wiley \& Sons},
  address = {Ltd, Chichester, England}
}

@book{vestackaint,
  title={Veštačka inteligencija},
  author={Mladen Nikolić, Predrag Janičić},
  year={2020},
  publisher={Matematički fakultet, Univerzitet u Beogradu},
  address = {Srbija}
}


@incollection{liu2006particle,
  title={Particle Swarm Optimisation from lbest to gbest},
  author={Liu, Hongbo and Li, Bo and Ji, Ye and Sun, Tong},
  booktitle={Applied soft computing technologies: the challenge of complexity},
  pages={537--545},
  year={2006},
  publisher={Springer}
}



@article{comparativeStudy,
  title={{Comparative Study On The Performance CharacteristicsOf
Sudoku Solving Algorithms}},
  note = { on-line at: \url{https://www.researchgate.net/publication/224301656_Solving_rating_and_generating_Sudoku_puzzles_with_GA}},
  author = {Sankhadeep Chatterjee, Saubhik Paladhi,Raktim Chakraborty},
  year={2007},
  
}
 
@article{solvingSudoku,
  title={{Solving and Rating Sudoku Puzzles with Genetic Algorithms}},
  note = { on-line at: \url{https://www.researchgate.net/publication/224301656_Solving_rating_and_generating_Sudoku_puzzles_with_GA}},
  author = {Timo Mantere and Janne Koljonen},
  journal={ Department of Electrical Engineering and Automation University of Vaasa, Vaasa},
  year={2007},
  
}

@article{novelmultistage,
  title={{A Novel Multistage Genetic Algorithm Approach for
Solving Sudoku Puzzle}},
  note = { on-line at: \url{https://www.researchgate.net/publication/311250094_A_novel_multistage_genetic_algorithm_approach_for_solving_Sudoku_puzzle}},
  author = {Haradhan chel, Deepak Mylavarapu and Deepak Sharma},
  journal={International Conference on Electrical, Electronics, and Optimization Techniques (ICEEOT)},
  year={2006},
  publisher={Springer}
  
}